@article{Bates2015,
  author = {Douglas Bates and Martin Mächler and Ben Bolker and Steve Walker},
  title = {Fitting Linear Mixed-Effects Models Using \pkg{lme4}},
  journal = {Journal of Statistical Software, Articles},
  volume = {67},
  number = {1},
  year = {2015},
  issn = {1548-7660},
  pages = {1--48},
  doi = {10.18637/jss.v067.i01},
  url = {https://www.jstatsoft.org/v067/i01}
}

@article{Carpenter2017,
  author = {Bob Carpenter and Andrew Gelman and Matthew D. Hoffman and Daniel Lee and Ben Goodrich and Michael Betancourt and Marcus Brubaker and Jiqiang Guo and Peter Li and Allen Riddell},
  title = {\proglang{Stan}: A Probabilistic Programming Language},
  journal = {Journal of Statistical Software, Articles},
  volume = {76},
  number = {1},
  year = {2017},
  issn = {1548-7660},
  pages = {1--32},
  doi = {10.18637/jss.v076.i01},
  url = {https://www.jstatsoft.org/v076/i01}
}

@article{Lunn2000,
  author = {Lunn, David J. and Thomas, Andrew and Best, Nicky and Spiegelhalter, David},
  doi = {10.1023/A:1008929526011},
  issn = {09603174},
  journal = {Statistics and Computing},
  number = {4},
  pages = {325--337},
  publisher = {Springer Netherlands},
  title = {\proglang{WinBUGS} - A Bayesian Modelling Framework: Concepts, Structure, and Extensibility},
  url = {http://www.mrc-bsu.cam.ac.uk/bugs/},
  volume = {10},
  year = {2000}
}

@manual{pinheiro2021,
  title = {\pkg{nlme}: Linear and Nonlinear Mixed Effects Models},
  author = {Jose Pinheiro and Douglas Bates and Saikat DebRoy and Deepayan Sarkar and {R Core Team}},
  year = {2021},
  note = {R package version 3.1-152},
  url = {https://CRAN.R-project.org/package=nlme},
}

@article{Karman2019,
  author = {Karman, Chris C. and Smit, Mathijs G.D.},
  doi = {10.1002/ieam.4139},
  journal = {Integrated Environmental Assessment and Management},
  number = {4},
  pages = {584--595},
  title = {Whole Effluent Toxicity Data and Discharge Volumes to Assess the Likelihood that Environmental Risks of Offshore Produced Water Discharges Are Adequately Controlled},
  volume = {15},
  year = {2019}
}

@article{Kubinec,
  title = {Statistically {{Validated Indices}} for {{COVID}}-19 {{Public Health Policies}}},
  author = {Kubinec, Robert and Barcel{'o}, Joan and Goldszmidt, Rafael and Grujic, Vanja and Model, Timothy and Schenk, Caress and Cheng, Cindy and Hale, Thomas and Hartnett, Allison Spencer and Messerschmidt, Luca and Petherick, Anna and Thorvaldsdottir, Svanhildur},
  year = {2021},
  publisher = {{SocArXiv}},
  doi = {10.31235/osf.io/rn9xk}
}


@article{Fisher2018c,
  author = {Fisher, Rebecca and Walshe, Terry and Bessell-Browne, Pia and Jones, Ross},
  doi = {10.1111/1365-2664.12936},
  issn = {1365-2664},
  journal = {Journal of Applied Ecology},
  number = {1},
  pages = {415--425},
  title = {Accounting for Environmental Uncertainty in the Management of Dredging Impacts Using Probabilistic Dose–Response Relationships and Thresholds},
  volume = {55},
  year = {2018}
}

@article{hoffman2014,
  author  = {Hoffman, Matthew D. and Gelman, Andrew},
  title   = {The No-U-Turn Sampler: Adaptively Setting Path Lengths in Hamiltonian Monte Carlo},
  journal = {Journal of Machine Learning Research},
  year    = {2014},
  volume  = {15},
  number  = {47},
  pages   = {1593-1623},
  url     = {http://jmlr.org/papers/v15/hoffman14a.html}
}

@Misc{stan2021,
  title = {\proglang{Stan} Modeling Language Users Guide and Reference Manual},
  author = {{Stan Development Team}},
  note = {version 2.28},
  year = {2021},
  url = {http://mc-stan.org/},
}

@Misc{rstan2021,
  title = {\pkg{RStan}: The \proglang{R} Interface to \proglang{Stan}},
  author = {{Stan Development Team}},
  note = {R package version 2.21.3},
  year = {2021},
  url = {http://mc-stan.org/},
}

@book{Burnham2002,
  address = {New York},
  author = {Burnham, K P and Anderson, D R},
  edition = {2nd},
  pages = {488},
  publisher = {Springer-Verlag},
  title = {Model Selection and Multimodel Inference; A Practical Information-Theoretic Approach},
  year = {2002}
}

@inproceedings{Plummer2003,
  author = {Plummer, Martyn},
  title = {\proglang{JAGS}: A Program for Analysis of Bayesian Graphical Models Using Gibbs Sampling},
  booktitle = {Proceedings of the 3rd International Workshop on Distributed Statistical Computing (DSC 2003)},
  year = {2003},
  pages = {1--10},
  publisher = {Achim Zeileis},
  address = {Vienna, Austria}
}

@article{Burkner2017,
  author = {Paul-Christian Bürkner},
  title = {\pkg{brms}: An \proglang{R} Package for Bayesian Multilevel Models Using \pkg{Stan}},
  journal = {Journal of Statistical Software, Articles},
  volume = {80},
  number = {1},
  year = {2017},
  issn = {1548-7660},
  pages = {1--28},
  doi = {10.18637/jss.v080.i01},
  url = {https://www.jstatsoft.org/v080/i01}
}

@manual{Su2015,
  title = {\pkg{R2jags}: Using \proglang{R} to Run \proglang{JAGS}},
  author = {Su, Yu-Sung and Yajima, Masanao},
  year = {2015},
  note = {R package version 0.5-6},
  url = {https://CRAN.R-project.org/package=R2jags},
}

@article{Ritz2016,
  author = {Ritz, Christian and Baty, Florent and Streibig, Jens C and Gerhard, Daniel},
  doi = {10.1371/journal.pone.0146021},
  journal = {PLoS ONE},
  number = {12},
  pages = {e0146021},
  publisher = {Public Library of Science},
  title = {Dose-Response Analysis Using \proglang{R}},
  url = {http://dx.doi.org/10.1371/journal.pone.0146021},
  volume = {10},
  year = {2016}
}

@article{Fox2010,
  author = {Fox, David R},
  issn = {0147-6513},
  journal = {Ecotoxicology and Environmental Safety},
  number = {2},
  pages = {123--131},
  title = {A {Bayesian} Approach for Determining the No Effect Concentration and Hazardous Concentration in Ecotoxicology},
  volume = {73},
  year = {2010}
}

@article{Wood2016,
  author = {Wood, Simon N},
  chapter = {1},
  doi = {10.18637/jss.v075.i07},
  edition = {2016-11-19},
  isbn = {1548-7660},
  journal = {2016},
  number = {7},
  pages = {15},
  title = {Just Another Gibbs Additive Modeler: Interfacing \proglang{JAGS} and \pkg{mgcv}},
  url = {https://www.jstatsoft.org/v075/i07},
  volume = {75},
  year = {2016}
}

@misc{Fisher2020,
  author = {Fisher, Rebecca and Ricardo, Gerard and Fox, David},
  doi = {10.5281/ZENODO.3966864},
  month = {jul},
  title = {Bayesian Concentration-Response Modelling Using \pkg{jagsNEC}},
  url = {https://doi.org/10.5281/zenodo.3966864},
  year = {2020}
}

@manual{Thorley2018,
  title = {\pkg{ssdtools}: Species Sensitivity Distributions},
  author = {Thorley, Joe and Schwarz, Carl},
  year = {2018},
  note = {R package version 0.0.3},
  url = {https://CRAN.R-project.org/package=ssdtools},
}

@manual{vehtari2020,
  title = {\pkg{loo}: Efficient Leave-One-Out Cross-Validation and {WAIC} for Bayesian models},
  author = {Aki Vehtari and Jonah Gabry and Mans Magnusson and Yuling Yao and Paul-Christian Bürkner and Topi Paananen and Andrew Gelman},
  year = {2020},
  note = {R package version 2.3.1},
  url = {https://CRAN.R-project.org/package=loo},
}

@article{vehtari2017,
  title = {Practical Bayesian Model Evaluation Using Leave-One-Out Cross-Validation and {WAIC}},
  author = {Aki Vehtari and Andrew Gelman and Jonah Gabry},
  year = {2017},
  journal = {Statistics and Computing},
  volume = {27},
  issue = {5},
  pages = {1413--1432},
  doi = {10.1007/s11222-016-9696-4},
}

@article{yao2018,
  title = {Using stacking to average Bayesian predictive distributions},
  author = {Yuling Yao and Aki Vehtari and Daniel Simpson and Andrew Gelman},
  year = {2018},
  volume = {13},
  number = {3},
  pages = {917--1007},
  journal = {Bayesian Analysis},
  doi = {10.1214/17-BA1091},
}

@article{Mattson2008,
  author = {Mattson, Mark P.},
  journal = {Ageing Research Reviews},
  doi = {10.1016/j.arr.2007.08.007},
  issn = {15681637},
  volume = {7},
  number = {1},
  pages = {1--7},
  title = {Hormesis Defined},
  year = {2008}
}

@article{Burkner2018,
  title = {Advanced {Bayesian} Multilevel Modeling with the \proglang{R} Package \pkg{brms}},
  author = {Bürkner, Paul-Christian},
  journal = {The R Journal},
  year = {2018},
  volume = {10},
  number = {1},
  pages = {395--411},
  doi = {10.32614/RJ-2018-017}
}

@article{fox2020,
  author = {Fox, D R and van Dam, R A and Fisher, R and Batley, G E and Tillmanns, A R and Thorley, J and Schwarz, C J and Spry, D J and McTavish, K},
  doi = {10.1002/etc.4925},
  journal = {Environmental Toxicology and Chemistry},
  number = {2},
  pages = {293--308},
  title = {Recent Developments in Species Sensitivity Distribution Modeling},
  url = {https://setac.onlinelibrary.wiley.com/doi/abs/10.1002/etc.4925},
  volume = {40},
  year = {2021}
}

@article{Shono2008,
  author = {Shono, Hiroshi},
  isbn = {0165-7836},
  journal = {Fisheries Research},
  number = {1},
  pages = {154--162},
  title = {Application of the Tweedie Distribution to Zero-Catch Data in CPUE Analysis},
  volume = {93},
  year = {2008}
}

@article{Wheeler2009,
  author = {Wheeler, Matthew W. and Bailer, A. John},
  doi = {10.1007/s10651-007-0071-7},
  issn = {13528505},
  journal = {Environmental and Ecological Statistics},
  title = {Comparing Model Averaging With Other Model Selection Strategies for Benchmark Dose Estimation},
  year = {2009},
  volume = {16},
  pages = {37--51}
}

@article{Dormann2018,
  author = {Dormann, Carsten F. and Calabrese, Justin M. and Guillera-Arroita, Gurutzeta and Matechou, Eleni and Bahn, Volker and Bartoń, Kamil and Beale, Colin M. and Ciuti, Simone and Elith, Jane and Gerstner, Katharina and Guelat, Jérôme and Keil, Petr and Lahoz-Monfort, José J. and Pollock, Laura J. and Reineking, Björn and Roberts, David R. and Schröder, Boris and Thuiller, Wilfried and Warton, David I. and Wintle, Brendan A. and Wood, Simon N. and Wüest, Rafael O. and Hartig, Florian},
  title = {Model Averaging in Ecology: a Review of Bayesian, Information-Theoretic, and Tactical Approaches for Predictive Inference},
  journal = {Ecological Monographs},
  volume = {88},
  number = {4},
  pages = {485-504},
  doi = {10.1002/ecm.1309},
  url = {https://esajournals.onlinelibrary.wiley.com/doi/abs/10.1002/ecm.1309},
  year = {2018}
}

@article{Baker2016,
  author = {Baker, Monya},
  journal = {Nature},
  doi = {10.1038/533452a},
  title = {1,500 Scientists Lift the Lid on Reproducibility},
  year = {2016},
  volume = {533},
  pages = {452--454}
}

@article{flores2021,
  author = {Flores, F. and Marques, J.A. and Uthicke, S. and Fisher, R. and Patel, F. and Kaserzon, S. and Negri, A.P.},
  journal = {Marine Pollution Bulletin},
  title = {Combined Effects of Climate Change and the Herbicide Diuron on the Coral \textit{{Acropora millepora}}},
  year = {2021},
  volume = {169},
  pages = {112582},
  doi = {10.1016/j.marpolbul.2021.112582},
  issn = {0025-326X}
}


@article{Shao2014,
  author = {Shao, Kan and Gift, Jeffrey S.},
  doi = {10.1111/risa.12078},
  issn = {02724332},
  journal = {Risk Analysis},
  title = {Model Uncertainty and {Bayesian} Model Averaged Benchmark Dose Estimation for Continuous Data},
  year = {2014},
  volume= {34},
  issue = {1},
  pages = {101--20},
  doi = {10.1111/risa.12078}
}

@article{Banner2020,
  author = {Banner, Katharine M. and Irvine, Kathryn M. and Rodhouse, Thomas J.},
  journal = {Methods in Ecology and Evolution},
  doi = {10.1111/2041-210X.13407},
  issn = {2041210X},
  title = {The Use of {Bayesian} Priors in {Ecology}: {The} Good, the Bad and the Not Great},
  year = {2020},
  volume = {11},
  issue = {8},
  pages = {882--889}
}

@article{Ellison1996,
  author = {Ellison, Aaron M.},
  doi = {10.2307/2269588},
  issn = {10510761},
  journal = {Ecological Applications},
  title = {An Introduction to {Bayesian} Inference for Ecological Research and Environmental Decision-Making},
  year = {1996},
  volume = {6},
  number = {4},
  pages = {1036--1046}
}

@article{Pires2002,
  author = {Pires, Ana M. and Branco, Joao A. and Picado, Ana and Mendonca, Elsa},
  doi = {10.1002/env.501},
  issn = {11804009},
  journal = {Environmetrics},
  title = {Models for the Estimation of a 'No Effect Concentration'},
  year = {2002},
  volume = {13},
  issue = {1},
  pages = {15--27}
}

@article{Dalgarno,
  author = {Dalgarno, Seb},
  doi = {10.21105/joss.02848},
  journal = {Journal of Open Source Software},
  number = {57},
  pages = {2848},
  title = {\pkg{shinyssdtools}: A Web Application for Fitting Species Sensitivity Distributions (SSDs)},
  url = {https://doi.org/10.21105/joss.02848},
  volume = {6},
  year = {2021}
}


@article{Warne2008a,
  author = {Warne, Michael St J. and {van Dam}, Rick},
  journal = {Australasian Journal of Ecotoxicology},
  title = {NOEC and LOEC Data Should No Longer Be Used},
  volume = {14},
  pages = {1--5},
  year = {2008}
}

@article{Fox2008,
  author = {Fox, D R.},
  journal = {Australasian Journal of Ecotoxicology},
  pages = {7--9},
  title = {NECS, NOECS and the ECx},
  volume = {14},
  year = {2008}
}

@book{Warne2015,
  author = {Warne, MStJ and Batley, G E and van Dam, R A and Chapman, J C and Fox, D R and Hickey, C W and Stauber, J L},
  publisher = {Prepared for the Council of Australian Government's Standing Council on Environment and Water (SCEW). Department of Science, Information Technology and Innovation, Brisbane, Queensland. 43 pp.},
  title = {Revised Method for Deriving Australian and New Zealand Water Quality Guideline Values for Toxicants.},
  year = {2015}
}

@book{Warne2018c,
   author = {M Warne and G E Batley and R A van Dam and J C Chapman and D R Fox and C W Hickey and J L Stauber},
   title = {Revised Method for Deriving Australian and New Zealand Water Quality Guideline Values for Toxicants – update of 2015 version.},
   year = {2018},
   publisher = {Prepared for the Revision of the Australian and New Zealand Guidelines for Fresh and Marine Water Quality. Australian and New Zealand Governments and Australian state and territory governments, Canberra, 48 pp},
}

@book{Fisher2019,
  author = {Fisher, R and van Dam, R.A and Batley, G.E and Fox, D.R and Harford, A.J and Humphrey, C.L and King, C.K and Menendez, P and Negri, A.P and Proctor, A and Shao, Q and Stauber, J.L and van Dam, J.W and Warne, M.St.J},
  doi = {10.13140/RG.2.2.29774.82241},
  title = {Key Issues in the Derivation of Water Quality Guideline Values: a Workshop Report.},
  publisher = {Australian Institute of Marine Science Report, Crawley, WA, Australia. 57 pp.},
  year = {2019}
}

@article{jones2003meps,
  author = {Jones, R J and Kerswell, A P},
  year = {2003},
  title = {Phytotoxicity of {Photosystem II (PSII)} Herbicides to Coral},
  journal = {Marine Ecology Progress Series},
  volume = {261},
  pages = {149--159},
  doi = {10.3354/meps261149}
}

@article{Fisher2019d,
  author = {Fisher, Rebecca and Bessell-Browne, Pia and Jones, Ross},
  journal = {Nature Communications},
  title = {Synergistic and Antagonistic Impacts of Suspended Sediments and Thermal Stress on Corals},
  url = {https://doi.org/10.1038/s41467-019-10288-9},
  year = {2019}
}

@article{Charles2020a,
  author = {Charles, Sandrine and Wu, Dan and Ducrot, Virginie},
  journal = {bioRxiv},
  doi = {10.1101/2020.07.02.183863},
  issn = {26928205},
  title = {How to Account for the Uncertainty from Standard Toxicity Tests in Species Sensitivity Distributions: An Example in Non-Target Plants},
  year = {2020}
}

@article{Gottschalk2013,
  author = {Gottschalk, Fadri and Nowack, Bernd},
  isbn = {1551-3793},
  journal = {Integrated Environmental Assessment and Management},
  number = {1},
  pages = {79--86},
  title = {A Probabilistic Method for Species Sensitivity Distributions Taking Into Account the Inherent Uncertainty and Variability of Effects to Estimate Environmental Risk},
  volume = {9},
  year = {2013}
}

@article{Thomas2006,
  author = {Neal, Thomas},
  title = {Hypothesis Testing and Bayesian Estimation using a Sigmoid Emax Model Applied to Sparse Dose-Response Designs},
  journal = {Journal of Biopharmaceutical Statistics},
  volume = {16},
  number = {5},
  pages = {657-677},
  year  = {2006},
  publisher = {Taylor & Francis},
  doi = {10.1080/10543400600860469},
  URL = {https://doi.org/10.1080/10543400600860469}
}

@book{Becker1988,
   author = {R. A Becker and J. M Chambers and A. R Wilks},
   publisher = {Wadsworth and Brooks/Cole.},
   title = {The New \proglang{S} Language.},
   year = {1988},
}

@misc{Vehtari2019,
  doi = {10.48550/ARXIV.1507.02646},
  url = {https://arxiv.org/abs/1507.02646},
  author = {Vehtari, Aki and Simpson, Daniel and Gelman, Andrew and Yao, Yuling and Gabry, Jonah},
  keywords = {Computation (stat.CO), Methodology (stat.ME), Machine Learning (stat.ML), FOS: Computer and information sciences, FOS: Computer and information sciences},
  title = {Pareto Smoothed Importance Sampling},
  publisher = {arXiv},
  year = {2019},
  copyright = {Creative Commons Attribution 4.0 International}
}

@article{peng2015,
author = {Peng, Roger},
title = {The Reproducibility Crisis in Science: A Statistical Counterattack},
journal = {Significance},
volume = {12},
number = {3},
pages = {30-32},
doi = {https://doi.org/10.1111/j.1740-9713.2015.00827.x},
url = {https://rss.onlinelibrary.wiley.com/doi/abs/10.1111/j.1740-9713.2015.00827.x},
eprint = {https://rss.onlinelibrary.wiley.com/doi/pdf/10.1111/j.1740-9713.2015.00827.x},
year = {2015}
}

@article{jones2003effects,
  title={Effects of Herbicides Diuron and Atrazine on Corals of the Great Barrier Reef, Australia},
  author={Jones, Ross J and Muller, Jochen and Haynes, David and Schreiber, Ulrich},
  journal={Marine Ecology Progress Series},
  volume={251},
  pages={153--167},
  year={2003}
}

@book{anzg,
   author = {ANZG},
   publisher = {Australian and New Zealand Governments and Australian State and Territory Governments},
   title = {Australian and New Zealand Guidelines for Fresh and Marine Water Quality.},
   url = {https://www.waterquality.gov.au/guidelines/anz-fresh-marine},
   year = {2018},
}

@article{Fisher2022,
   author = {Rebecca Fisher and David R Fox},
   journal = {Environmental Toxicology and Chemistry (in review)},
   title = {Introducing the No Significant Effect Concentration (NSEC)},
   year = {2022},
}

@Manual{cmdstanr2022,
   title = {\pkg{cmdstanr}: \proglang{R} Interface to \proglang{CmdStan}},
   author = {Jonah Gabry and Rok Češnovar},
   year = {2022},
   note = {https://mc-stan.org/cmdstanr/, https://discourse.mc-stan.org},
}

@article{gelman2017entropy,
  author = {Gelman, Andrew and Simpson, Daniel and Betancourt, Michael},
  title = {The Prior Can Often Only Be Understood in the Context of the Likelihood},
  journal = {Entropy},
  volume = {19},
  year = {2017},
  number = {10},
  url = {https://www.mdpi.com/1099-4300/19/10/555},
  issn = {1099-4300},
  doi = {10.3390/e19100555}
}

@article{depaoli2020importance,
  title={The importance of Prior Sensitivity Analysis in Bayesian Statistics: Demonstrations Using an Interactive Shiny App},
  author={Depaoli, Sarah and Winter, Sonja D and Visser, Marieke},
  journal={Frontiers in Psychology},
  volume={11},
  pages={608045},
  year={2020},
  publisher={Frontiers Media SA}
}

@article{krull2020comparing,
  title={Comparing Statistical Analyses to Estimate Thresholds in Ecotoxicology},
  author={Krull, Marcos},
  journal={PloS one},
  volume={15},
  number={4},
  pages={e0231149},
  year={2020},
  publisher={Public Library of Science San Francisco, CA USA}
}

@article{gelman2019,
  author = {Andrew Gelman and Ben Goodrich and Jonah Gabry and Aki Vehtari},
  title = {R-squared for Bayesian Regression Models},
  journal = {The American Statistician},
  volume = {73},
  number = {3},
  pages = {307-309},
  year  = {2019},
  publisher = {Taylor & Francis},
  doi = {10.1080/00031305.2018.1549100},
  URL = {https://doi.org/10.1080/00031305.2018.1549100},
  eprint = {https://doi.org/10.1080/00031305.2018.1549100}
}

@Manual{purrr,
    title = {\pkg{purrr}: Functional Programming Tools},
    author = {Lionel Henry and Hadley Wickham},
    year = {2022},
    note = {R package version 0.3.5},
    url = {https://CRAN.R-project.org/package=purrr},
  }
  
@Book{ggplot,
  author = {Hadley Wickham},
  title = {\pkg{ggplot2}: Elegant Graphics for Data Analysis},
  publisher = {Springer-Verlag New York},
  year = {2016},
  isbn = {978-3-319-24277-4},
  url = {https://ggplot2.tidyverse.org}
}

@Manual{ggpubr,
    title = {\pkg{ggpubr}: \pkg{ggplot2} Based Publication Ready Plots},
    author = {Alboukadel Kassambara},
    year = {2022},
    note = {R package version 0.5.0},
    url = {https://CRAN.R-project.org/package=ggpubr},
}

@misc{Rub1,
    author = {Rubino, Daniel},
    editor = {{Windows Phone Central}},
    title = {IE9 for Windows Phone 7: Adobe Flash, demos and development},
    url = {http://www.wpcentral.com/ie9-windows-phone-7-adobe-flash-demos-and-development-videos},
    lastchecked = {14.01.2013},
    originalyear = {18.02.2011},
    year = {2022},
}

  