@article{Bates2015,
  author = {Douglas Bates and Martin Mächler and Ben Bolker and Steve Walker},
  title = {Fitting Linear Mixed-Effects Models Using lme4},
  journal = {Journal of Statistical Software, Articles},
  volume = {67},
  number = {1},
  year = {2015},
  issn = {1548-7660},
  pages = {1--48},
  doi = {10.18637/jss.v067.i01},
  url = {https://www.jstatsoft.org/v067/i01}
}

@article{Carpenter2017,
  author = {Bob Carpenter and Andrew Gelman and Matthew D. Hoffman and Daniel Lee and Ben Goodrich and Michael Betancourt and Marcus Brubaker and Jiqiang Guo and Peter Li and Allen Riddell},
  title = {Stan: A Probabilistic Programming Language},
  journal = {Journal of Statistical Software, Articles},
  volume = {76},
  number = {1},
  year = {2017},
  issn = {1548-7660},
  pages = {1--32},
  doi = {10.18637/jss.v076.i01},
  url = {https://www.jstatsoft.org/v076/i01}
}

@article{Lunn2000,
  author = {Lunn, David J. and Thomas, Andrew and Best, Nicky and Spiegelhalter, David},
  doi = {10.1023/A:1008929526011},
  issn = {09603174},
  journal = {Statistics and Computing},
  number = {4},
  pages = {325--337},
  publisher = {Springer Netherlands},
  title = {WinBUGS - A Bayesian modelling framework: Concepts, structure, and extensibility},
  url = {http://www.mrc-bsu.cam.ac.uk/bugs/},
  volume = {10},
  year = {2000}
}

@manual{pinheiro2021,
  title = {{nlme}: Linear and Nonlinear Mixed Effects Models},
  author = {Jose Pinheiro and Douglas Bates and Saikat DebRoy and Deepayan Sarkar and {R Core Team}},
  year = {2021},
  note = {R package version 3.1-152},
  url = {https://CRAN.R-project.org/package=nlme},
}

@article{Karman2019,
  author = {Karman, Chris C. and Smit, Mathijs G.D.},
  doi = {10.1002/ieam.4139},
  journal = {Integrated Environmental Assessment and Management},
  number = {4},
  pages = {584--595},
  title = {Whole Effluent Toxicity Data and Discharge Volumes to Assess the Likelihood that Environmental Risks of Offshore Produced Water Discharges Are Adequately Controlled},
  volume = {15},
  year = {2019}
}

@article{Kubinec,
  title = {Statistically {{Validated Indices}} for {{COVID}}-19 {{Public Health Policies}}},
  author = {Kubinec, Robert and Barcel{'o}, Joan and Goldszmidt, Rafael and Grujic, Vanja and Model, Timothy and Schenk, Caress and Cheng, Cindy and Hale, Thomas and Hartnett, Allison Spencer and Messerschmidt, Luca and Petherick, Anna and Thorvaldsdottir, Svanhildur},
  year = {2021},
  publisher = {{SocArXiv}},
  doi = {10.31235/osf.io/rn9xk}
}


@article{Fisher2018c,
  author = {Fisher, Rebecca and Walshe, Terry and Bessell-Browne, Pia and Jones, Ross},
  doi = {10.1111/1365-2664.12936},
  issn = {1365-2664},
  journal = {Journal of Applied Ecology},
  number = {1},
  pages = {415--425},
  title = {Accounting for environmental uncertainty in the management of dredging impacts using probabilistic dose–response relationships and thresholds},
  volume = {55},
  year = {2018}
}

@Misc{rstan2020,
  title = {{RStan}: the {R} interface to {Stan}},
  author = {{Stan Development Team}},
  note = {R package version 2.21.3},
  year = {2020},
  url = {http://mc-stan.org/},
}

@book{Burnham2002,
  address = {New York},
  author = {Burnham, K P and Anderson, D R},
  edition = {2nd},
  pages = {488},
  publisher = {Springer},
  title = {Model Selection and Multimodel Inference; A Practical Information-Theoretic Approach},
  year = {2002}
}

@inproceedings{Plummer2003,
  author = {Plummer, Martyn},
  title = {JAGS: A program for analysis of Bayesian graphical models using Gibbs sampling},
  booktitle = {Proceedings of the 3rd International Workshop on Distributed Statistical Computing (DSC 2003)},
  year = {2003},
  pages = {1--10},
  publisher = {Achim Zeileis},
  address = {Vienna, Austria}
}

@article{Burkner2017,
  author = {Paul-Christian Bürkner},
  title = {brms: An R Package for Bayesian Multilevel Models Using Stan},
  journal = {Journal of Statistical Software, Articles},
  volume = {80},
  number = {1},
  year = {2017},
  issn = {1548-7660},
  pages = {1--28},
  doi = {10.18637/jss.v080.i01},
  url = {https://www.jstatsoft.org/v080/i01}
}

@manual{Su2015,
  title = {R2jags: Using R to Run 'JAGS'},
  author = {Su, Yu-Sung and Yajima, Masanao},
  year = {2015},
  note = {R package version 0.5-6},
  url = {https://CRAN.R-project.org/package=R2jags},
}

@article{Ritz2016,
  author = {Ritz, Christian and Baty, Florent and Streibig, Jens C and Gerhard, Daniel},
  doi = {10.1371/journal.pone.0146021},
  journal = {PLoS ONE},
  number = {12},
  pages = {e0146021},
  publisher = {Public Library of Science},
  title = {Dose-Response analysis using R},
  url = {http://dx.doi.org/10.1371%2Fjournal.pone.0146021},
  volume = {10},
  year = {2016}
}

@article{Fox2010,
  author = {Fox, David R},
  issn = {0147-6513},
  journal = {Ecotoxicology and environmental safety},
  number = {2},
  pages = {123--131},
  title = {A {Bayesian} approach for determining the no effect concentration and hazardous concentration in ecotoxicology},
  volume = {73},
  year = {2010}
}

@article{Wood2016,
  author = {Wood, Simon N},
  chapter = {1},
  doi = {10.18637/jss.v075.i07},
  edition = {2016-11-19},
  isbn = {1548-7660},
  journal = {2016},
  number = {7},
  pages = {15},
  title = {Just Another Gibbs Additive Modeler: Interfacing JAGS and mgcv},
  url = {https://www.jstatsoft.org/v075/i07},
  volume = {75},
  year = {2016}
}

@misc{Fisher2020,
  author = {Fisher, Rebecca and Ricardo, Gerard and Fox, David},
  doi = {10.5281/ZENODO.3966864},
  month = {jul},
  title = {Bayesian concentration-response modelling using jagsNEC},
  url = {https://doi.org/10.5281/zenodo.3966864#.XyO0ds7ATtM.mendeley},
  year = {2020}
}

@manual{Thorley2018,
  title = {ssdtools: Species Sensitivity Distributions},
  author = {Thorley, Joe and Schwarz, Carl},
  year = {2018},
  note = {R package version 0.0.3},
  url = {https://CRAN.R-project.org/package=ssdtools},
}

@manual{vehtari2020,
  title = {loo: Efficient leave-one-out cross-validation and {WAIC} for Bayesian models},
  author = {Aki Vehtari and Jonah Gabry and Mans Magnusson and Yuling Yao and Paul-Christian Bürkner and Topi Paananen and Andrew Gelman},
  year = {2020},
  note = {R package version 2.3.1},
  url = {https://CRAN.R-project.org/package=loo},
}

@article{vehtari2017,
  title = {Practical Bayesian model evaluation using leave-one-out cross-validation and {WAIC}},
  author = {Aki Vehtari and Andrew Gelman and Jonah Gabry},
  year = {2017},
  journal = {Statistics and Computing},
  volume = {27},
  issue = {5},
  pages = {1413--1432},
  doi = {10.1007/s11222-016-9696-4},
}

@article{yao2018,
  title = {Using stacking to average Bayesian predictive distributions},
  author = {Yuling Yao and Aki Vehtari and Daniel Simpson and Andrew Gelman},
  year = {2018},
  volume = {13},
  number = {3},
  pages = {917--1007},
  journal = {Bayesian Analysis},
  doi = {10.1214/17-BA1091},
}

@article{Mattson2008,
  author = {Mattson, Mark P.},
  journal = {Ageing Research Reviews},
  doi = {10.1016/j.arr.2007.08.007},
  issn = {15681637},
  volume = {7},
  number = {1},
  pages = {1--7},
  title = {Hormesis defined},
  year = {2008}
}

@article{Burkner2018,
  title = {Advanced {Bayesian} Multilevel Modeling with the {R} Package {brms}},
  author = {Bürkner, Paul-Christian},
  journal = {The R Journal},
  year = {2018},
  volume = {10},
  number = {1},
  pages = {395--411},
  doi = {10.32614/RJ-2018-017}
}

@article{fox2020,
  author = {Fox, D R and van Dam, R A and Fisher, R and Batley, G E and Tillmanns, A R and Thorley, J and Schwarz, C J and Spry, D J and McTavish, K},
  doi = {10.1002/etc.4925},
  journal = {Environmental Toxicology and Chemistry},
  number = {2},
  pages = {293--308},
  title = {Recent developments in Species Sensitivity Distribution Modeling},
  url = {https://setac.onlinelibrary.wiley.com/doi/abs/10.1002/etc.4925},
  volume = {40},
  year = {2021}
}

@article{Shono2008,
  author = {Shono, Hiroshi},
  isbn = {0165-7836},
  journal = {Fisheries Research},
  number = {1},
  pages = {154--162},
  title = {Application of the Tweedie distribution to zero-catch data in CPUE analysis},
  volume = {93},
  year = {2008}
}

@article{Wheeler2009,
  author = {Wheeler, Matthew W. and Bailer, A. John},
  doi = {10.1007/s10651-007-0071-7},
  issn = {13528505},
  journal = {Environmental and Ecological Statistics},
  title = {Comparing model averaging with other model selection strategies for benchmark dose estimation},
  year = {2009},
  volume = {16},
  pages = {37--51}
}

@article{Dormann2018,
  author = {Dormann, Carsten F. and Calabrese, Justin M. and Guillera-Arroita, Gurutzeta and Matechou, Eleni and Bahn, Volker and Bartoń, Kamil and Beale, Colin M. and Ciuti, Simone and Elith, Jane and Gerstner, Katharina and Guelat, Jérôme and Keil, Petr and Lahoz-Monfort, José J. and Pollock, Laura J. and Reineking, Björn and Roberts, David R. and Schröder, Boris and Thuiller, Wilfried and Warton, David I. and Wintle, Brendan A. and Wood, Simon N. and Wüest, Rafael O. and Hartig, Florian},
  title = {Model averaging in ecology: a review of Bayesian, information-theoretic, and tactical approaches for predictive inference},
  journal = {Ecological Monographs},
  volume = {88},
  number = {4},
  pages = {485-504},
  doi = {10.1002/ecm.1309},
  url = {https://esajournals.onlinelibrary.wiley.com/doi/abs/10.1002/ecm.1309},
  year = {2018}
}

@article{Baker2016,
  author = {Baker, Monya},
  journal = {Nature},
  doi = {10.1038/533452a},
  title = {1,500 scientists lift the lid on reproducibility},
  year = {2016},
  volume = {533},
  pages = {452--454}
}

@article{flores2021,
  author = {{Flores, F., Marques, J.A., Uthicke, S., Fisher, R., Patel, F., Kaserzon, S., Negri}, A.P.},
  journal = {Marine Pollution Bulletin},
  title = {Combined effects of climate change and the herbicide diuron on the coral \textit{{Acropora millepora}}},
  year = {2021},
  volume = {169},
  pages = {112582},
  doi = {10.1016/j.marpolbul.2021.112582},
  issn = {0025-326X}
}


@article{Shao2014,
  author = {Shao, Kan and Gift, Jeffrey S.},
  doi = {10.1111/risa.12078},
  issn = {02724332},
  journal = {Risk Analysis},
  title = {Model uncertainty and {Bayesian} model averaged benchmark dose estimation for continuous data},
  year = {2014},
  volume= {34},
  issue = {1},
  pages = {101--20},
  doi = {10.1111/risa.12078}
}

@article{Banner2020,
  author = {Banner, Katharine M. and Irvine, Kathryn M. and Rodhouse, Thomas J.},
  journal = {Methods in Ecology and Evolution},
  doi = {10.1111/2041-210X.13407},
  issn = {2041210X},
  title = {The use of {Bayesian} priors in {Ecology}: {The} good, the bad and the not great},
  year = {2020},
  volume = {11},
  issue = {8},
  pages = {882--889}
}

@article{Ellison1996,
  author = {Ellison, Aaron M.},
  doi = {10.2307/2269588},
  issn = {10510761},
  journal = {Ecological Applications},
  title = {An introduction to {Bayesian} inference for ecological research and environmental decision-making},
  year = {1996},
  volume = {6},
  number = {4},
  pages = {1036--1046}
}

@article{Pires2002,
  author = {Pires, Ana M. and Branco, Joao A. and Picado, Ana and Mendonca, Elsa},
  doi = {10.1002/env.501},
  issn = {11804009},
  journal = {Environmetrics},
  title = {Models for the estimation of a 'no effect concentration'},
  year = {2002},
  volume = {13},
  issue = {1},
  pages = {15--27}
}

@article{Dalgarno,
  author = {Dalgarno, Seb},
  doi = {10.21105/joss.02848},
  journal = {Journal of Open Source Software},
  number = {57},
  pages = {2848},
  title = {shinyssdtools: A web application for fitting Species Sensitivity Distributions (SSDs)},
  url = {https://doi.org/10.21105/joss.02848},
  volume = {6},
  year = {2021}
}


@article{Warne2008a,
  author = {Warne, Michael St J. and {van Dam}, Rick},
  journal = {Australasian Journal of Ecotoxicology},
  title = {NOEC and LOEC data should no longer be used},
  volume = {14},
  pages = {1--5},
  year = {2008}
}

@article{Fox2008,
  author = {Fox, D},
  journal = {Australasian Journal of Ecotoxicology},
  pages = {7--9},
  title = {NECS, NOECS AND THE ECx},
  volume = {14},
  year = {2008}
}

@article{Warne2015,
  author = {Warne, MStJ and Batley, G E and van Dam, R A and Chapman, J C and Fox, D R and Hickey, C W and Stauber, J L},
  journal = {Prepared for the Council of Australian Government's Standing Council on Environment and Water (SCEW). Department of Science, Information Technology and Innovation, Brisbane, Queensland. 43 pp.},
  title = {Revised Method for Deriving Australian and New Zealand Water Quality Guideline Values for Toxicants.},
  year = {2015}
}

@techreport{Fisher2019,
  author = {Fisher, R and van Dam, R.A and Batley, G.E and Fox, D.R and Harford, A.J and Humphrey, C.L and King, C.K and Menendez, P and Negri, A.P and Proctor, A and Shao, Q and Stauber, J.L and van Dam, J.W and Warne, M.St.J},
  doi = {10.13140/RG.2.2.29774.82241},
  title = {Key issues in the derivation of water quality guideline values: a workshop report. Australian Institute of Marine Science Report, Crawley, WA, Australia. 57 pp.},
  year = {2019}
}

@article{Fisher2019d,
  author = {Fisher, Rebecca and Bessell-Browne, Pia and Jones, Ross},
  journal = {Nature Communications},
  title = {Synergistic and antagonistic impacts of suspended sediments and thermal stress on corals},
  url = {https://doi.org/10.1038/s41467-019-10288-9},
  year = {2019}
}

@misc{Charles2020a,
  author = {Charles, Sandrine and Wu, Dan and Ducrot, Virginie},
  booktitle = {bioRxiv},
  doi = {10.1101/2020.07.02.183863},
  issn = {26928205},
  title = {How to account for the uncertainty from standard toxicity tests in species sensitivity distributions: An example in non-target plants},
  year = {2020}
}

@article{Gottschalk2013,
  author = {Gottschalk, Fadri and Nowack, Bernd},
  isbn = {1551-3793},
  journal = {Integrated environmental assessment and management},
  number = {1},
  pages = {79--86},
  title = {A probabilistic method for species sensitivity distributions taking into account the inherent uncertainty and variability of effects to estimate environmental risk},
  volume = {9},
  year = {2013}
}

@article{Thomas2006,
  author = {Neal, Thomas},
  title = {Hypothesis Testing and Bayesian Estimation using a Sigmoid Emax Model Applied to Sparse Dose-Response Designs},
  journal = {Journal of Biopharmaceutical Statistics},
  volume = {16},
  number = {5},
  pages = {657-677},
  year  = {2006},
  publisher = {Taylor & Francis},
  doi = {10.1080/10543400600860469},
  URL = {https://doi.org/10.1080/10543400600860469}
}
