@Misc{rstan2020,
Title = {{RStan}: the {R} interface to {Stan}},
Author = {{Stan Development Team}},
Note = {R package version 2.21.3},
Year = {2020},
url = {http://mc-stan.org/},
}
